@misc{lecture_notes,
    author    = "Morten Hjorth-Jensen",
    title     = "Computational Physics Lectures: Numerical integration, from Newton-Cotes quadrature to Gaussian quadrature",
    howpublished = "Lecture Notes",
    year     = "2017",
    month    = "Aug",
    note     = "{\url{http://compphysics.github.io/ComputationalPhysics/doc/pub/integrate/pdf/integrate-print.pdf}}",
}

@misc{gauss-laguerre,
    author    = "Morten Hjorth-Jensen",
    title     = "\texttt{gauss\_laguerre.cpp}",
    howpublished = "GitHub",
    year = "2019",
    note     = "{\url{https://github.com/CompPhysics/ComputationalPhysics/blob/master/doc/Projects/2019/Project3/CodeExamples/gauss-laguerre.cpp}}"
}

@misc{MPI,
  author = "The MPI Forum",
  title = "{MPI Documents}",
  note = "{\url{https://www.mpi-forum.org/docs/mpi-3.1/mpi31-report.pdf}}"
}
