@misc{lecture_notes,
    author    = "Morten Hjorth-Jensen",
    title     = "Computational Physics Lectures: Eigenvalue Problems",
    howpublished = "Lecture Notes",
    year     = "2017",
    month    = "Sep",
    note     = "{\url{http://compphysics.github.io/ComputationalPhysics/doc/pub/eigvalues/html/eigvalues.html}}",
}

@misc{NumPy_linalg,
    author = "The SciPy community",
    title = "SciPy linear algebra library (scipy.linalg)",
    note = "{\url{https://docs.scipy.org/doc/numpy/reference/routines.linalg.html}}",
}

@article{Arma1,
    author    = "Conrad Sanderson and Ryan Curtin",
    title     = "Armadillo: a template-based C++ library for linear algebra",
    journal   = "Journal of Open Source Software",
    volume   = "1",
    pages    = "26",
    year      = "2016"
}

@article{Arma2,
    author    = "Conrad Sanderson and Ryan Curtin",
    title     = "Practical sparse matrices in C++ with hybrid storage and template-based expression optimisation",
    journal   = "Mathematical and Computational Applications",
    volume   = "24",
    number   = "3",
    year      = "2019"
}
