@article{algo1,
    author    = "Thomas, L.H. ",
    title     = "Elliptic Problems in Linear Differential Equations over a Network",
    journal   = "Watson Sci. Comput. Lab Report, Columbia University, New York",
    year      = "1949",
}

@misc{lecture_notes,
    author    = "Morten Hjorth-Jensen",
    title     = "Computational Physics Lectures: Linear Algebra methods",
    howpublished = "Lecture Notes",
    year     = "2018",
    month    = "Sep",
    note     = "{\url{http://compphysics.github.io/ComputationalPhysics/doc/pub/linalg/html/linalg.html}}",
}

@misc{SciPy_linalg,
    author    = "The SciPy community",
    title     = "SciPy linear algebra library (scipy.linalg)",
    note     = "{\url{https://docs.scipy.org/doc/scipy/reference/linalg.html}}",
}
