@article{Epidemiologi,
    author    = "Braut, Geir Sverre and Stoltenberg, Camilla",
    title     = "Epidemiologi",
    journal   = "Store Medisinske Leksikon",
    year      = "2019",
    note      = "{\url{https://sml.snl.no/epidemiologi}}"
}

@article{seasonal,
    author    = "Auda Fares",
    title     = "Factors Influencing the Seasonal Patterns of Infectious Diseases",
    journal   = "International Journal of Preventive Medicine",
    volume   = "4",
    number   = "2",
    pages    = "128-132",
    year      = "2013",
    month    = "February",
    note     = "{\url{https://www.ncbi.nlm.nih.gov/pmc/articles/PMC3604842/}}",
}

@article{vaccination,
    author    = "Bj√∏rn Myrvang",
    title     = "Vaksinering",
    journal   = "Store Medisinske Leksikon",
    year      = "2018",
    note     = "{\url{https://sml.snl.no/vaksinering}}",
}

@book{Langtangen,
    author    = "Hans Petter Langtangen",
    title     = "A Primer on Scientific Programming with Python",
    publisher = "Springer",
    edition  = "5th",
    year      = "2016",
    note     = "Pages 779-783",
}
