@misc{lecture_notes,
    author    = "Morten Hjorth-Jensen",
    title     = "Computational Physics Lectures: Statistical physics and the Ising Model",
    howpublished = "Lecture Notes",
    year     = "2017",
    month    = "Aug",
    note     = "{\url{http://compphysics.github.io/ComputationalPhysics/doc/pub/statphys/pdf/statphys-print.pdf}}",
}

@book{Squires,
    author = "G. L. Squires",
    title = "Practical Physics",
    publisher = "Cambridge University Press",
    edition = "4th",
    year = "2001"
}

@article{Onsager,
    author    = "Lars Onsager",
    title     = "Crystal Statistics. I. A Two-Dimensional Model with an Order-Disorder Transition",
    journal   = "Physical Review",
    volume   = "65",
    pages    = "117-149",
    year      = "1944",
    month    = "February"
}
